<?xml version="1.0" encoding="UTF-8" standalone="yes"?><Document xmlns="urn:iso:std:iso:20022:tech:xsd:camt.053.001.02"><BkToCstmrStmt><GrpHdr><MsgId>camt.053-2021-01-31-001</MsgId><CreDtTm>2024-05-15T08:33:15.033+02:00</CreDtTm><MsgRcpt><Nm>Davmo Software s.r.o.</Nm><PstlAdr><StrtNm>Podbabská 81/17</StrtNm><PstCd>16000</PstCd><TwnNm>Praha 6 Bubeneč</TwnNm><Ctry>CZ</Ctry></PstlAdr><Id><OrgId><Othr><Id>Davmo Software s.r.o.</Id></Othr></OrgId></Id></MsgRcpt><MsgPgntn><PgNb>1</PgNb><LastPgInd>true</LastPgInd></MsgPgntn><AddtlInf>Měsíční</AddtlInf></GrpHdr><Stmt><Id>CZ2420100000002301614881-2021-01-31</Id><ElctrncSeqNb>1</ElctrncSeqNb><LglSeqNb>1</LglSeqNb><CreDtTm>2024-05-15T08:33:15.033+02:00</CreDtTm><FrToDt><FrDtTm>2021-01-01T00:00:00.000+01:00</FrDtTm><ToDtTm>2021-01-31T23:59:59.999+01:00</ToDtTm></FrToDt><Acct><Id><IBAN>CZ2420100000002301614881</IBAN></Id><Tp><Cd>CASH</Cd></Tp><Ccy>CZK</Ccy><Nm>Davmo Software s.r.o.</Nm><Ownr><Nm>Davmo Software s.r.o.</Nm><PstlAdr><StrtNm>Podbabská 81/17</StrtNm><PstCd>16000</PstCd><TwnNm>Praha 6 Bubeneč</TwnNm><Ctry>CZ</Ctry></PstlAdr><Id><OrgId><Othr><Id>Davmo Software s.r.o.</Id></Othr></OrgId></Id></Ownr><Svcr><FinInstnId><BIC>FIOBCZPPXXX</BIC><Nm>FIOBCZPP</Nm><PstlAdr><StrtNm>V Celnici 1028/10</StrtNm><TwnNm>11721 Praha 1</TwnNm><Ctry>CZ</Ctry></PstlAdr><Othr><Id>2010</Id></Othr></FinInstnId></Svcr></Acct><Intrst><Rate><Tp><Pctg>0.00</Pctg></Tp></Rate></Intrst><Bal><Tp><CdOrPrtry><Cd>PRCD</Cd></CdOrPrtry></Tp><Amt Ccy="CZK">308182.83</Amt><CdtDbtInd>CRDT</CdtDbtInd><Dt><Dt>2021-01-01</Dt></Dt></Bal><Bal><Tp><CdOrPrtry><Cd>CLBD</Cd></CdOrPrtry></Tp><Amt Ccy="CZK">266182.51</Amt><CdtDbtInd>CRDT</CdtDbtInd><Dt><Dt>2021-01-31</Dt></Dt></Bal><TxsSummry><TtlNtries><NbOfNtries>19</NbOfNtries><Sum>57911.82</Sum><TtlNetNtryAmt>42000.32</TtlNetNtryAmt><CdtDbtInd>DBIT</CdtDbtInd></TtlNtries><TtlCdtNtries><NbOfNtries>2</NbOfNtries><Sum>7955.75</Sum></TtlCdtNtries><TtlDbtNtries><NbOfNtries>17</NbOfNtries><Sum>49956.07</Sum></TtlDbtNtries></TxsSummry><Ntry><NtryRef>23629012914</NtryRef><Amt Ccy="CZK">301.29</Amt><CdtDbtInd>DBIT</CdtDbtInd><RvslInd>false</RvslInd><Sts>BOOK</Sts><BookgDt><Dt>2021-01-03</Dt></BookgDt><ValDt><Dt>2021-01-03</Dt></ValDt><BkTxCd><Prtry><Cd>10000101000</Cd><Issr>Czech Banking Association</Issr></Prtry></BkTxCd><NtryDtls><TxDtls><Refs><MsgId>23629012914</MsgId><EndToEndId>VS:1201201261SS:KS:</EndToEndId></Refs><BkTxCd><Prtry><Cd>10000101000</Cd><Issr>Czech Banking Association</Issr></Prtry></BkTxCd><RltdPties><CdtrAcct><Id><Othr><Id>2000295813</Id></Othr></Id></CdtrAcct></RltdPties><RltdAgts><CdtrAgt><FinInstnId><Othr><Id>2010</Id></Othr></FinInstnId></CdtrAgt></RltdAgts><RmtInf><Ustrd>PLATBA ZA VP201201261</Ustrd></RmtInf></TxDtls></NtryDtls></Ntry><Ntry><NtryRef>23629305623</NtryRef><Amt Ccy="CZK">99.00</Amt><CdtDbtInd>DBIT</CdtDbtInd><RvslInd>false</RvslInd><Sts>BOOK</Sts><BookgDt><Dt>2021-01-04</Dt></BookgDt><ValDt><Dt>2021-01-04</Dt></ValDt><BkTxCd><Prtry><Cd>30000201000</Cd><Issr>Czech Banking Association</Issr></Prtry></BkTxCd><NtryDtls><TxDtls><Refs><MsgId>23629305623</MsgId><EndToEndId>VS:2572SS:KS:</EndToEndId></Refs><BkTxCd><Prtry><Cd>30000201000</Cd><Issr>Czech Banking Association</Issr></Prtry></BkTxCd><RmtInf><Ustrd>Nákup: AWS EMEA,  5 Rue Plaetis, aws.amazon.co, L2338, LUX, dne 3.1.2021, částka  4.50 USD</Ustrd></RmtInf><AddtlTxInf>Nákup: AWS EMEA,  5 Rue Plaetis, aws.amazon.co, L2338, LUX, dne 3.1.2021, částka  4.50 USD</AddtlTxInf></TxDtls></NtryDtls></Ntry><Ntry><NtryRef>23634052872</NtryRef><Amt Ccy="CZK">3625.00</Amt><CdtDbtInd>DBIT</CdtDbtInd><RvslInd>false</RvslInd><Sts>BOOK</Sts><BookgDt><Dt>2021-01-10</Dt></BookgDt><ValDt><Dt>2021-01-10</Dt></ValDt><BkTxCd><Prtry><Cd>10000101000</Cd><Issr>Czech Banking Association</Issr></Prtry></BkTxCd><NtryDtls><TxDtls><Refs><MsgId>23634052872</MsgId><InstrId>KS0308</InstrId><EndToEndId>VS6190371</EndToEndId></Refs><BkTxCd><Prtry><Cd>10000101000</Cd><Issr>Czech Banking Association</Issr></Prtry></BkTxCd><RltdPties><CdtrAcct><Id><Othr><Id>51-2126590287</Id></Othr></Id></CdtrAcct></RltdPties><RltdAgts><CdtrAgt><FinInstnId><Othr><Id>0100</Id></Othr></FinInstnId></CdtrAgt></RltdAgts><RmtInf><Ustrd>nájemné Davmo Software s.r.o.</Ustrd></RmtInf><AddtlTxInf>nájemné, kancelář Podbabská</AddtlTxInf></TxDtls></NtryDtls></Ntry><Ntry><NtryRef>23636466288</NtryRef><Amt Ccy="CZK">761.25</Amt><CdtDbtInd>DBIT</CdtDbtInd><RvslInd>false</RvslInd><Sts>BOOK</Sts><BookgDt><Dt>2021-01-12</Dt></BookgDt><ValDt><Dt>2021-01-12</Dt></ValDt><BkTxCd><Prtry><Cd>10000101000</Cd><Issr>Czech Banking Association</Issr></Prtry></BkTxCd><NtryDtls><TxDtls><Refs><MsgId>23636466288</MsgId><InstrId>KS0308</InstrId><EndToEndId>VS6210031</EndToEndId></Refs><BkTxCd><Prtry><Cd>10000101000</Cd><Issr>Czech Banking Association</Issr></Prtry></BkTxCd><RltdPties><CdtrAcct><Id><Othr><Id>000051-2126590287</Id></Othr></Id></CdtrAcct></RltdPties><RltdAgts><CdtrAgt><FinInstnId><Othr><Id>0100</Id></Othr></FinInstnId></CdtrAgt></RltdAgts><RmtInf><Ustrd>Davmo Software s.r.o.</Ustrd></RmtInf></TxDtls></NtryDtls></Ntry><Ntry><NtryRef>23637151436</NtryRef><Amt Ccy="CZK">5248.06</Amt><CdtDbtInd>DBIT</CdtDbtInd><RvslInd>false</RvslInd><Sts>BOOK</Sts><BookgDt><Dt>2021-01-13</Dt></BookgDt><ValDt><Dt>2021-01-13</Dt></ValDt><BkTxCd><Prtry><Cd>30000201000</Cd><Issr>Czech Banking Association</Issr></Prtry></BkTxCd><NtryDtls><TxDtls><Refs><MsgId>23637151436</MsgId><EndToEndId>VS:2572SS:KS:</EndToEndId></Refs><BkTxCd><Prtry><Cd>30000201000</Cd><Issr>Czech Banking Association</Issr></Prtry></BkTxCd><RmtInf><Ustrd>Nákup: FACEBK *UVB3YYE4T2,  Havover Reach, 5-7 Hanover Qua, fb.me/ads, DUBLIN 2, IRL, dne 12.1.2021, částka  5248.06 CZK</Ustrd></RmtInf><AddtlTxInf>Nákup: FACEBK *UVB3YYE4T2,  Havover Reach, 5-7 Hanover Qua, fb.me/ads, DUBLIN 2, IRL, dne 12.1.2021, částka  5248.06 CZK</AddtlTxInf></TxDtls></NtryDtls></Ntry><Ntry><NtryRef>23639192944</NtryRef><Amt Ccy="CZK">8500.00</Amt><CdtDbtInd>DBIT</CdtDbtInd><RvslInd>false</RvslInd><Sts>BOOK</Sts><BookgDt><Dt>2021-01-15</Dt></BookgDt><ValDt><Dt>2021-01-15</Dt></ValDt><BkTxCd><Prtry><Cd>10000101000</Cd><Issr>Czech Banking Association</Issr></Prtry></BkTxCd><NtryDtls><TxDtls><Refs><MsgId>23639192944</MsgId><InstrId>KS0138</InstrId><EndToEndId>VS885602</EndToEndId></Refs><BkTxCd><Prtry><Cd>10000101000</Cd><Issr>Czech Banking Association</Issr></Prtry></BkTxCd><RltdPties><CdtrAcct><Id><Othr><Id>1878438013</Id></Othr></Id></CdtrAcct></RltdPties><RltdAgts><CdtrAgt><FinInstnId><Othr><Id>3030</Id></Othr></FinInstnId></CdtrAgt></RltdAgts><RmtInf><Ustrd>mzda Jana Kadlecová</Ustrd></RmtInf><AddtlTxInf>mzda Jana Kadlecová</AddtlTxInf></TxDtls></NtryDtls></Ntry><Ntry><NtryRef>23639192945</NtryRef><Amt Ccy="CZK">10000.00</Amt><CdtDbtInd>DBIT</CdtDbtInd><RvslInd>false</RvslInd><Sts>BOOK</Sts><BookgDt><Dt>2021-01-15</Dt></BookgDt><ValDt><Dt>2021-01-15</Dt></ValDt><BkTxCd><Prtry><Cd>10000101000</Cd><Issr>Czech Banking Association</Issr></Prtry></BkTxCd><NtryDtls><TxDtls><Refs><MsgId>23639192945</MsgId><InstrId>KS0138</InstrId><EndToEndId>VS901130</EndToEndId></Refs><BkTxCd><Prtry><Cd>10000101000</Cd><Issr>Czech Banking Association</Issr></Prtry></BkTxCd><RltdPties><CdtrAcct><Id><Othr><Id>1666678015</Id></Othr></Id></CdtrAcct></RltdPties><RltdAgts><CdtrAgt><FinInstnId><Othr><Id>3030</Id></Othr></FinInstnId></CdtrAgt></RltdAgts><RmtInf><Ustrd>mzda David Musil</Ustrd></RmtInf><AddtlTxInf>mzda David Musil</AddtlTxInf></TxDtls></NtryDtls></Ntry><Ntry><NtryRef>23642575992</NtryRef><Amt Ccy="CZK">222.57</Amt><CdtDbtInd>DBIT</CdtDbtInd><RvslInd>false</RvslInd><Sts>BOOK</Sts><BookgDt><Dt>2021-01-19</Dt></BookgDt><ValDt><Dt>2021-01-19</Dt></ValDt><BkTxCd><Prtry><Cd>30000201000</Cd><Issr>Czech Banking Association</Issr></Prtry></BkTxCd><NtryDtls><TxDtls><Refs><MsgId>23642575992</MsgId><EndToEndId>VS:2572SS:KS:</EndToEndId></Refs><BkTxCd><Prtry><Cd>30000201000</Cd><Issr>Czech Banking Association</Issr></Prtry></BkTxCd><RmtInf><Ustrd>Nákup: ENVATO 56617912,  212 SOUTH STATE STREET,, 61383766284, 84111, USA, dne 18.1.2021, částka  10.00 USD</Ustrd></RmtInf><AddtlTxInf>Nákup: ENVATO 56617912,  212 SOUTH STATE STREET,, 61383766284, 84111, USA, dne 18.1.2021, částka  10.00 USD</AddtlTxInf></TxDtls></NtryDtls></Ntry><Ntry><NtryRef>23643346679</NtryRef><Amt Ccy="CZK">4840.00</Amt><CdtDbtInd>DBIT</CdtDbtInd><RvslInd>false</RvslInd><Sts>BOOK</Sts><BookgDt><Dt>2021-01-19</Dt></BookgDt><ValDt><Dt>2021-01-19</Dt></ValDt><BkTxCd><Prtry><Cd>10000101000</Cd><Issr>Czech Banking Association</Issr></Prtry></BkTxCd><NtryDtls><TxDtls><Refs><MsgId>23643346679</MsgId><EndToEndId>VS21001</EndToEndId></Refs><BkTxCd><Prtry><Cd>10000101000</Cd><Issr>Czech Banking Association</Issr></Prtry></BkTxCd><RltdPties><CdtrAcct><Id><Othr><Id>1535810143</Id></Othr></Id></CdtrAcct></RltdPties><RltdAgts><CdtrAgt><FinInstnId><Othr><Id>0800</Id></Othr></FinInstnId></CdtrAgt></RltdAgts><RmtInf><Ustrd>programovani mob. app.</Ustrd></RmtInf><AddtlTxInf>programovani mob. app.</AddtlTxInf></TxDtls></NtryDtls></Ntry><Ntry><NtryRef>23643347732</NtryRef><Amt Ccy="CZK">2500.00</Amt><CdtDbtInd>DBIT</CdtDbtInd><RvslInd>false</RvslInd><Sts>BOOK</Sts><BookgDt><Dt>2021-01-19</Dt></BookgDt><ValDt><Dt>2021-01-19</Dt></ValDt><BkTxCd><Prtry><Cd>10000101000</Cd><Issr>Czech Banking Association</Issr></Prtry></BkTxCd><NtryDtls><TxDtls><Refs><MsgId>23643347732</MsgId><EndToEndId>VS210102</EndToEndId></Refs><BkTxCd><Prtry><Cd>10000101000</Cd><Issr>Czech Banking Association</Issr></Prtry></BkTxCd><RltdPties><CdtrAcct><Id><Othr><Id>000115-9632310227</Id></Othr></Id></CdtrAcct></RltdPties><RltdAgts><CdtrAgt><FinInstnId><Othr><Id>0100</Id></Othr></FinInstnId></CdtrAgt></RltdAgts><RmtInf><Ustrd>UHRADA FAKTURY 210102</Ustrd></RmtInf></TxDtls></NtryDtls></Ntry><Ntry><NtryRef>23644174808</NtryRef><Amt Ccy="CZK">1500.00</Amt><CdtDbtInd>DBIT</CdtDbtInd><RvslInd>false</RvslInd><Sts>BOOK</Sts><BookgDt><Dt>2021-01-20</Dt></BookgDt><ValDt><Dt>2021-01-20</Dt></ValDt><BkTxCd><Prtry><Cd>10000101000</Cd><Issr>Czech Banking Association</Issr></Prtry></BkTxCd><NtryDtls><TxDtls><Refs><MsgId>23644174808</MsgId><InstrId>KS1148</InstrId><EndToEndId>VS08068470</EndToEndId></Refs><BkTxCd><Prtry><Cd>10000101000</Cd><Issr>Czech Banking Association</Issr></Prtry></BkTxCd><RltdPties><CdtrAcct><Id><Othr><Id>7720-77628031</Id></Othr></Id></CdtrAcct></RltdPties><RltdAgts><CdtrAgt><FinInstnId><Othr><Id>0710</Id></Othr></FinInstnId></CdtrAgt></RltdAgts><RmtInf><Ustrd>daň FO vybíraná srážkou, prosinec 2020</Ustrd></RmtInf><AddtlTxInf>daň FO vybíraná srážkou, prosinec 2020</AddtlTxInf></TxDtls></NtryDtls></Ntry><Ntry><NtryRef>23644216620</NtryRef><Amt Ccy="CZK">8397.40</Amt><CdtDbtInd>DBIT</CdtDbtInd><RvslInd>false</RvslInd><Sts>BOOK</Sts><BookgDt><Dt>2021-01-20</Dt></BookgDt><ValDt><Dt>2021-01-20</Dt></ValDt><BkTxCd><Prtry><Cd>10000101000</Cd><Issr>Czech Banking Association</Issr></Prtry></BkTxCd><NtryDtls><TxDtls><Refs><MsgId>23644216620</MsgId><EndToEndId>VS:1210102318SS:KS:</EndToEndId></Refs><BkTxCd><Prtry><Cd>10000101000</Cd><Issr>Czech Banking Association</Issr></Prtry></BkTxCd><RltdPties><CdtrAcct><Id><Othr><Id>2000295813</Id></Othr></Id></CdtrAcct></RltdPties><RltdAgts><CdtrAgt><FinInstnId><Othr><Id>2010</Id></Othr></FinInstnId></CdtrAgt></RltdAgts><RmtInf><Ustrd>PLATBA ZA VP210102318</Ustrd></RmtInf></TxDtls></NtryDtls></Ntry><Ntry><NtryRef>23647334622</NtryRef><Amt Ccy="CZK">1905.75</Amt><CdtDbtInd>CRDT</CdtDbtInd><RvslInd>false</RvslInd><Sts>BOOK</Sts><BookgDt><Dt>2021-01-25</Dt></BookgDt><ValDt><Dt>2021-01-25</Dt></ValDt><BkTxCd><Prtry><Cd>10000107000</Cd><Issr>Czech Banking Association</Issr></Prtry></BkTxCd><NtryDtls><TxDtls><Refs><MsgId>23647334622</MsgId><EndToEndId>VS:202100002SS:KS:</EndToEndId></Refs><BkTxCd><Prtry><Cd>10000107000</Cd><Issr>Czech Banking Association</Issr></Prtry></BkTxCd><RltdPties><DbtrAcct><Id><Othr><Id>173184709</Id></Othr></Id></DbtrAcct></RltdPties><RltdAgts><DbtrAgt><FinInstnId><Othr><Id>0300</Id></Othr></FinInstnId></DbtrAgt></RltdAgts><AddtlTxInf>HUSAK LUKAS</AddtlTxInf></TxDtls></NtryDtls></Ntry><Ntry><NtryRef>23647418633</NtryRef><Amt Ccy="CZK">100.00</Amt><CdtDbtInd>DBIT</CdtDbtInd><RvslInd>false</RvslInd><Sts>BOOK</Sts><BookgDt><Dt>2021-01-25</Dt></BookgDt><ValDt><Dt>2021-01-25</Dt></ValDt><BkTxCd><Prtry><Cd>10000101000</Cd><Issr>Czech Banking Association</Issr></Prtry></BkTxCd><NtryDtls><TxDtls><Refs><MsgId>23647418633</MsgId><InstrId>KS3558</InstrId><EndToEndId>VS08068470</EndToEndId></Refs><BkTxCd><Prtry><Cd>10000101000</Cd><Issr>Czech Banking Association</Issr></Prtry></BkTxCd><RltdPties><CdtrAcct><Id><Othr><Id>40002-50404011</Id></Othr></Id></CdtrAcct></RltdPties><RltdAgts><CdtrAgt><FinInstnId><Othr><Id>0100</Id></Othr></FinInstnId></CdtrAgt></RltdAgts><RmtInf><Ustrd>zák. poj. odpověd. zaměstnavatele, I. čtvrtletí / 21</Ustrd></RmtInf><AddtlTxInf>zák. poj. odpověd. zaměstnavatele, I. čtvrtletí / 21</AddtlTxInf></TxDtls></NtryDtls></Ntry><Ntry><NtryRef>23647424021</NtryRef><Amt Ccy="CZK">1144.99</Amt><CdtDbtInd>DBIT</CdtDbtInd><RvslInd>false</RvslInd><Sts>BOOK</Sts><BookgDt><Dt>2021-01-25</Dt></BookgDt><ValDt><Dt>2021-01-25</Dt></ValDt><BkTxCd><Prtry><Cd>10000101000</Cd><Issr>Czech Banking Association</Issr></Prtry></BkTxCd><NtryDtls><TxDtls><Refs><MsgId>23647424021</MsgId><InstrId>KS0308</InstrId><EndToEndId>VS6201218</EndToEndId></Refs><BkTxCd><Prtry><Cd>10000101000</Cd><Issr>Czech Banking Association</Issr></Prtry></BkTxCd><RltdPties><CdtrAcct><Id><Othr><Id>000051-2126590287</Id></Othr></Id></CdtrAcct></RltdPties><RltdAgts><CdtrAgt><FinInstnId><Othr><Id>0100</Id></Othr></FinInstnId></CdtrAgt></RltdAgts><RmtInf><Ustrd>Davmo Software s.r.o.</Ustrd></RmtInf></TxDtls></NtryDtls></Ntry><Ntry><NtryRef>23648562768</NtryRef><Amt Ccy="CZK">464.52</Amt><CdtDbtInd>DBIT</CdtDbtInd><RvslInd>false</RvslInd><Sts>BOOK</Sts><BookgDt><Dt>2021-01-26</Dt></BookgDt><ValDt><Dt>2021-01-26</Dt></ValDt><BkTxCd><Prtry><Cd>30000201000</Cd><Issr>Czech Banking Association</Issr></Prtry></BkTxCd><NtryDtls><TxDtls><Refs><MsgId>23648562768</MsgId><EndToEndId>VS:2572SS:KS:</EndToEndId></Refs><BkTxCd><Prtry><Cd>30000201000</Cd><Issr>Czech Banking Association</Issr></Prtry></BkTxCd><RmtInf><Ustrd>Nákup: ENVATO 56728218,  212 SOUTH STATE STREET,, 61383766284, 84111, USA, dne 25.1.2021, částka  21.00 USD</Ustrd></RmtInf><AddtlTxInf>Nákup: ENVATO 56728218,  212 SOUTH STATE STREET,, 61383766284, 84111, USA, dne 25.1.2021, částka  21.00 USD</AddtlTxInf></TxDtls></NtryDtls></Ntry><Ntry><NtryRef>23649195326</NtryRef><Amt Ccy="CZK">373.99</Amt><CdtDbtInd>DBIT</CdtDbtInd><RvslInd>false</RvslInd><Sts>BOOK</Sts><BookgDt><Dt>2021-01-27</Dt></BookgDt><ValDt><Dt>2021-01-27</Dt></ValDt><BkTxCd><Prtry><Cd>30000201000</Cd><Issr>Czech Banking Association</Issr></Prtry></BkTxCd><NtryDtls><TxDtls><Refs><MsgId>23649195326</MsgId><EndToEndId>VS:2572SS:KS:</EndToEndId></Refs><BkTxCd><Prtry><Cd>30000201000</Cd><Issr>Czech Banking Association</Issr></Prtry></BkTxCd><RmtInf><Ustrd>Nákup: ENVATO 56739375,  212 SOUTH STATE STREET,, 61383766284, 84111, USA, dne 26.1.2021, částka  17.00 USD</Ustrd></RmtInf><AddtlTxInf>Nákup: ENVATO 56739375,  212 SOUTH STATE STREET,, 61383766284, 84111, USA, dne 26.1.2021, částka  17.00 USD</AddtlTxInf></TxDtls></NtryDtls></Ntry><Ntry><NtryRef>23650153735</NtryRef><Amt Ccy="CZK">6050.00</Amt><CdtDbtInd>CRDT</CdtDbtInd><RvslInd>false</RvslInd><Sts>BOOK</Sts><BookgDt><Dt>2021-01-28</Dt></BookgDt><ValDt><Dt>2021-01-28</Dt></ValDt><BkTxCd><Prtry><Cd>10000107000</Cd><Issr>Czech Banking Association</Issr></Prtry></BkTxCd><NtryDtls><TxDtls><Refs><MsgId>23650153735</MsgId><EndToEndId>VS:202100001SS:0KS:0000</EndToEndId></Refs><BkTxCd><Prtry><Cd>10000107000</Cd><Issr>Czech Banking Association</Issr></Prtry></BkTxCd><RltdPties><DbtrAcct><Id><Othr><Id>4447140227</Id></Othr></Id></DbtrAcct></RltdPties><RltdAgts><DbtrAgt><FinInstnId><Othr><Id>0100</Id></Othr></FinInstnId></DbtrAgt></RltdAgts><RmtInf><Ustrd>Platba Faktura 202100001</Ustrd></RmtInf><AddtlTxInf>DIRECT POJIŠŤOVNA, A</AddtlTxInf></TxDtls></NtryDtls></Ntry><Ntry><NtryRef>23650388437</NtryRef><Amt Ccy="CZK">1878.00</Amt><CdtDbtInd>DBIT</CdtDbtInd><RvslInd>false</RvslInd><Sts>BOOK</Sts><BookgDt><Dt>2021-01-28</Dt></BookgDt><ValDt><Dt>2021-01-28</Dt></ValDt><BkTxCd><Prtry><Cd>10000101000</Cd><Issr>Czech Banking Association</Issr></Prtry></BkTxCd><NtryDtls><TxDtls><Refs><MsgId>23650388437</MsgId><InstrId>KS1148</InstrId><EndToEndId>VS08068470</EndToEndId></Refs><BkTxCd><Prtry><Cd>10000101000</Cd><Issr>Czech Banking Association</Issr></Prtry></BkTxCd><RltdPties><CdtrAcct><Id><Othr><Id>705-77628031</Id></Othr></Id></CdtrAcct></RltdPties><RltdAgts><CdtrAgt><FinInstnId><Othr><Id>0710</Id></Othr></FinInstnId></CdtrAgt></RltdAgts><RmtInf><Ustrd>Davmo Software s.r.o., DPH za prosinec, jako identif. osoba</Ustrd></RmtInf><AddtlTxInf>platba DPH prosinec 2020</AddtlTxInf></TxDtls></NtryDtls></Ntry></Stmt></BkToCstmrStmt></Document>