0740000002301614881Davmo Software s.r.o01012100000030818283+00000026618251+000000049956070000000007955750001310121FIO           
0750000002301614881000000200029581300236290129140000000301291120120126100201000000000000000030121PLATBA ZA VP2012012600203030121
0750000002301614881000000000000000000236293056230000000099001000000257200000000000000000000040121N·kup: AWS EMEA,  5 00203040121
0750000002301614881000051212659028700236340528720000003625001000619037100010003080000000000100121n·jemnÈ, kancel·¯ 0100203100121
0750000002301614881000051212659028700236364662880000000761251000621003100010003080000000000120121n·jemnÈ (jen DPH), k00203120121
0750000002301614881000000000000000000236371514360000005248061000000257200000000000000000000130121N·kup: FACEBK *UVB3Y00203130121
0750000002301614881000000187843801300236391929440000008500001000088560200303001380000000000150121mzda Jana Kadlecov· 00203150121
0750000002301614881000000166667801500236391929450000010000001000090113000303001380000000000150121mzda David Musil    00203150121
0750000002301614881000000000000000000236425759920000000222571000000257200000000000000000000190121N·kup: ENVATO 56617900203190121
0750000002301614881000000153581014300236433466790000004840001000002100100080000000000000000190121programovani mob. ap00203190121
0750000002301614881000115963231022700236433477320000002500001000021010200010000000000000000190121UHRADA FAKTURY 2101000203190121
0750000002301614881007720007762803100236441748080000001500001000806847000071011480000000000200121daÚ FO vybÌran· sr·û00203200121
0750000002301614881000000200029581300236442166200000008397401121010231800201000000000000000200121PLATBA ZA VP2101023100203200121
0750000002301614881000000017318470900236473346220000001905752020210000200030000000000000000250121HUSAK LUKAS         00203250121
0750000002301614881040002005040401100236474186330000000100001000806847000010035580000000000250121z·k. poj. odpovÏd. z00203250121
0750000002301614881000051212659028700236474240210000001144991000620121800010003080000000000250121Davmo Software s.r.o00203250121
0750000002301614881000000000000000000236485627680000000464521000000257200000000000000000000260121N·kup: ENVATO 56728200203260121
0750000002301614881000000000000000000236491953260000000373991000000257200000000000000000000270121N·kup: ENVATO 56739300203270121
0750000002301614881000000444714022700236501537350000006050002020210000100010000000000000000280121DIRECT POJIäçOVNA, A00203280121
0750000002301614881000705007762803100236503884370000001878001000806847000071011480000000000280121platba DPH prosinec 00203280121
